@inproceedings{chau:2003,
	location = {Linz, Austria},
	title = {Knowledge sharing: agile methods vs. Tayloristic methods},
	doi = {10.1109/ENABL.2003.1231427},
	pages = {302--307},
	booktitle = {{WET} {ICE} 2003. Proceedings. Twelfth {IEEE} International Workshops on Enabling Technologies: Infrastructure for Collaborative Enterprises, 2003.},
	publisher = {{IEEE} Comput. Soc},
	author = {Chau, T. and Maurer, F. and Melnik, G.},
	date = {2003}
}

@inproceedings{azizyan:2011,
	location = {Salt Lake City, {UT}, {USA}},
	title = {Survey of Agile Tool Usage and Needs},
	doi = {10.1109/AGILE.2011.30},
	pages = {29--38},
	booktitle = {2011 {AGILE} Conference},
	publisher = {{IEEE}},
	author = {Azizyan, Gayane and Magarian, Miganoush Katrin and Kajko-Matsson, Mira},
	urldate = {2023-07-31},
	date = {2011-08},
  langid = {english},
}

@incollection{alomar:2016,
	location = {Cham},
	title = { },
	volume = {9746},
	pages = {197--208},
	booktitle = {Design, User Experience, and Usability: Design Thinking and Methods},
	publisher = {Springer International Publishing},
	author = {Alomar, Noura and Almobarak, Nouf and Alkoblan, Sarah and Alhozaimy, Sarah and Alharbi, Shahad},
	editor = {Marcus, Aaron},
	date = {2016},
	langid = {english},
	doi = {10.1007/978-3-319-40409-7_20},
	note = {Series Title: Lecture Notes in Computer Science},
}

@incollection{mordi:2021,
	location = {Cham},
	title = {Agile Software Tools in the Field: The Need for a Tool Reflection Process},
	pages = {55--89},
	booktitle = {The Agile Imperative},
	publisher = {Springer International Publishing},
	author = {Mordi, Azuka},
	editor = {Pfeiffer, Sabine and Nicklich, Manuel and Sauer, Stefan},
	date = {2021},
  langid = {english},
	doi = {10.1007/978-3-030-73994-2_4},
}

@incollection{ferreira:2018,
	location = {Cham},
	title = {Freemium Project Management Tools: Asana, Freedcamp and Ace Project},
	volume = {745},
	shorttitle = {Freemium Project Management Tools},
	pages = {1026--1037},
	booktitle = {Trends and Advances in Information Systems and Technologies},
	publisher = {Springer International Publishing},
	author = {Ferreira, Tânia and Gutiérrez-Artacho, Juncal and Bernardino, Jorge},
	editor = {Rocha, Álvaro and Adeli, Hojjat and Reis, Luís Paulo and Costanzo, Sandra},
	urldate = {2023-08-15},
	date = {2018},
	doi = {10.1007/978-3-319-77703-0_100},
	note = {Series Title: Advances in Intelligent Systems and Computing},
}


@article{larman:2003,
	title = {Iterative and incremental developments. a brief history},
	volume = {36},
	doi = {10.1109/MC.2003.1204375},
	pages = {47--56},
	number = {6},
	journaltitle = {Computer},
	author = {Larman, C. and Basili, V.R.},
	date = {2003-06},
}

@article{islam:2020,
	title = {A Comparison between Agile and Traditional Software Development Methodologies},
	doi = {10.34257/GJCSTCVOL20IS2PG7},
	pages = {7--42},
	journaltitle = {Global Journal of Computer Science and Technology},
	author = {Islam, A.K.M Zahidul and Ferworn, Dr. Alex},
	date = {2020-12-21}
}

@article{ozkan_mishra:2019,
	title = {Agile Project Management Tools: A Brief Comprative View},
	volume = {19},
	doi = {10.2478/cait-2019-0033},
	pages = {17--25},
	number = {4},
	journaltitle = {Cybernetics and Information Technologies},
	author = {Özkan, Deniz and Mishra, Alok},
	date = {2019-11-01},
  langid = {english},
}

@article{dimitrijevic:2015,
	title = {A comparative study of software tools for user story management},
	volume = {57},
	doi = {10.1016/j.infsof.2014.05.012},
	pages = {352--368},
	journaltitle = {Information and Software Technology},
	author = {Dimitrijević, Sonja and Jovanović, Jelena and Devedžić, Vladan},
	date = {2015-01},
	langid = {english},
}

@book{cohn:2006,
	location = {Upper Saddle River, {NJ}},
	title = {Agile estimating and planning},
	isbn = {978-0-13-147941-8},
	series = {Robert C. Martin series},
	publisher = {Prentice Hall Professional Technical Reference},
	author = {Cohn, Mike},
	date = {2006},
}

@online{fowler:2005,
	title = {The New Methodology},
	url = {https://martinfowler.com/articles/newMethodology.html},
  organization = {martinFowler},
	author = {Fowler, Martin},
	urldate = {2023-06-01},
	date = {2005-12-13},
}

@book{cockburn:2002,
	location = {Boston},
	title = {Agile software development},
	isbn = {978-0-201-69969-2},
	series = {Agile software development series},
	publisher = {Addison-Wesley},
	author = {Cockburn, Alistair},
	date = {2002},
}

@book{verheyen:2019,
	location = {'s-Hertogenbosch},
	edition = {2nd edition},
	title = {Scrum: a pocket guide : a smart travel companion},
	isbn = {978-94-018-0375-5},
	publisher = {Van Haren Publishing},
	author = {Verheyen, Gunther},
	date = {2019},
}

@book{shore:2008,
	location = {Beijing : Sebastopol, {CA}},
	title = {tThe art of agile development},
	isbn = {978-0-596-52767-9},
	series = {Theory in practice},
	publisher = {O'Reilly Media, Inc},
	author = {Shore, James and Warden, Shane},
	date = {2008},
}

@online{scrumguide:2020,
	title = {La Guía Definitiva de Scrum: Las Reglas del Juego},
	url = {https://scrumguides.org/docs/scrumguide/v2020/2020-Scrum-Guide-Spanish-Latin-South-American.pdf},
	organization = {Scrum Guides},
	author = {Schwaber, Ken and Sutherland, Jeff},
	urldate = {2023-07-15},
	date = {2020-11},
	note = {Versión en español},
}

@online{manifesto:2001,
	title = {Manifesto for Agile Software Developmet},
	url = {https://agilemanifesto.org/},
	organization = {Agile Alliance},
	author = {Beck, Kent and Beedle, Mike and Bennekum, Arie van and Cockburn, Alistair and Cunningham, Ward and Fowler, Martin and Grenning, James and Highsmith, Jim and Hunt, Andrew and Jeffries, Ron and Kern, Jon and Marick, Brian and Martin, Robert C. and Mellor, Steve and Schwaber, Ken and Sutherland, Jeff and Thomas, Dave},
	date = {2001},
}

