@book{testbook,
  author    = {Roman Vilcapaza, Alain Elwin},
  title     = {Tesis project},
  year      = {2023},
  publisher = {UNAP}
}